<collection xmlns="http://www.loc.gov/MARC21/slim"><record><leader>01158nam  2200301   450</leader><controlfield tag="001">306</controlfield><controlfield tag="003">http://montalegre.opacnet.com/OPAC/default.aspx?ContentAreaControl=ShowRegHoldings.ascx&amp;RegNo=16662</controlfield><datafield tag="010" ind1=" " ind2=" "><subfield code="a">972-23-1020-8</subfield></datafield><datafield tag="021" ind1=" " ind2=" "><subfield code="a">PT</subfield><subfield code="b">26058/89</subfield></datafield><datafield tag="095" ind1=" " ind2=" "><subfield code="a">PTBN00127226</subfield></datafield><datafield tag="100" ind1=" " ind2=" "><subfield code="a">19890615d1989    m  y0pora0103    ba</subfield></datafield><datafield tag="101" ind1="1" ind2=" "><subfield code="a">por</subfield><subfield code="c">ger</subfield></datafield><datafield tag="102" ind1=" " ind2=" "><subfield code="a">PT</subfield></datafield><datafield tag="105" ind1=" " ind2=" "><subfield code="a">y   z   000ay</subfield></datafield><datafield tag="106" ind1=" " ind2=" "><subfield code="a">r</subfield></datafield><datafield tag="200" ind1="1" ind2=" "><subfield code="a">&lt;A &gt;missão ou da observação do observador dos observadores</subfield><subfield code="e">novela em vinte e quatro parágrafos</subfield><subfield code="f">Friedrich Dürrenmatt</subfield><subfield code="g">trad. Fernando Ribeiro</subfield></datafield><datafield tag="205" ind1=" " ind2=" "><subfield code="a">1a ed</subfield></datafield><datafield tag="210" ind1=" " ind2=" "><subfield code="a">Lisboa</subfield><subfield code="c">Presença</subfield><subfield code="d">1989</subfield></datafield><datafield tag="215" ind1=" " ind2=" "><subfield code="a">110 p.</subfield><subfield code="d">21 cm</subfield></datafield><datafield tag="225" ind1="2" ind2=" "><subfield code="a">Aura</subfield><subfield code="v">15</subfield></datafield><datafield tag="304" ind1=" " ind2=" "><subfield code="a">Tít. orig. : Der Auftrage oder vom Beobachten des Beobachters der Beobachter</subfield></datafield><datafield tag="325" ind1=" " ind2=" "><subfield code="a">Registo sonoro. Lido por Helena Falé. - Lisboa : BN, 1995. - 2 cassetes 90 min. (2 h. 15 min.)</subfield></datafield><datafield tag="675" ind1=" " ind2=" "><subfield code="a">830(494)-31</subfield><subfield code="v">BN</subfield><subfield code="z">por</subfield><subfield code="3">1094478</subfield></datafield><datafield tag="700" ind1=" " ind2="1"><subfield code="a">Dürrenmatt</subfield><subfield code="b">Friedrich</subfield><subfield code="f">1921-1990</subfield><subfield code="3">39588</subfield></datafield><datafield tag="702" ind1=" " ind2="1"><subfield code="a">Falé</subfield><subfield code="b">Helena</subfield><subfield code="f">1946</subfield><subfield code="4">550</subfield><subfield code="3">279227</subfield></datafield><datafield tag="702" ind1=" " ind2="1"><subfield code="a">Ribeiro</subfield><subfield code="b">Fernando</subfield><subfield code="f">1956</subfield><subfield code="4">730</subfield><subfield code="3">48676</subfield></datafield><datafield tag="801" ind1=" " ind2="0"><subfield code="a">PT</subfield><subfield code="b">Biblioteca Municipal de Montalegre</subfield><subfield code="g">RPC</subfield></datafield><datafield tag="856" ind1=" " ind2=" "><subfield code="u">locateMedia.asp?cod=20060511140833&amp;ext=jpg</subfield><subfield code="z">CAPA</subfield></datafield><datafield tag="909" ind1="&#9;" ind2=" "><subfield code="a">1</subfield></datafield><datafield tag="966" ind1=" " ind2=" "><subfield code="a">0008506</subfield><subfield code="l">BMM</subfield><subfield code="s">SCG 821 DUR mis 15</subfield></datafield></record></collection>